<record><leader>00000cas a22000007a 4500</leader><controlfield tag="001">10582080</controlfield><controlfield tag="008">840331d18401840ohuwr ne      0    0eng d</controlfield><datafield ind1=" " ind2=" " tag="010"><subfield code="a">sn 84028237 </subfield></datafield><datafield ind1=" " ind2=" " tag="040"><subfield code="a">NPY</subfield><subfield code="b">eng</subfield><subfield code="c">NPY</subfield><subfield code="d">OCL</subfield><subfield code="d">OCLCQ</subfield></datafield><datafield ind1=" " ind2=" " tag="042"><subfield code="a">msc</subfield></datafield><datafield ind1="0" ind2=" " tag="130"><subfield code="a">American eagle (Cuyahoga Falls, Ohio)</subfield></datafield><datafield ind1="1" ind2="0" tag="245"><subfield code="a">American eagle.</subfield></datafield><datafield ind1=" " ind2=" " tag="260"><subfield code="a">Cuyahoga Falls [Ohio] :</subfield><subfield code="b">J.B. West</subfield></datafield><datafield ind1=" " ind2=" " tag="300"><subfield code="a">v. ;</subfield><subfield code="c">42 cm.</subfield></datafield><datafield ind1=" " ind2=" " tag="310"><subfield code="a">Weekly</subfield></datafield><datafield ind1="1" ind2=" " tag="362"><subfield code="a">Began in June 1840; ceased in Nov. 1840.</subfield><subfield code="z">Cf. Gutgesell, S. Guide to Ohio newspapers, 1974.</subfield></datafield><datafield ind1=" " ind2=" " tag="500"><subfield code="a">Published on Tuesday.</subfield></datafield><datafield ind1=" " ind2=" " tag="500"><subfield code="a">"Whig." Cf. Gutgesell, S. Guide to Ohio newspapers, 1974.</subfield></datafield><datafield ind1=" " ind2=" " tag="500"><subfield code="a">Editor: J.B. West.</subfield></datafield><datafield ind1=" " ind2=" " tag="588"><subfield code="a">Description based on: Vol. 1, no. 18 (Oct. 13, 1840).</subfield></datafield><datafield ind1="1" ind2=" " tag="700"><subfield code="a">West, John B.</subfield></datafield><datafield ind1=" " ind2=" " tag="752"><subfield code="a">United States</subfield><subfield code="b">Ohio</subfield><subfield code="c">Summit</subfield><subfield code="d">Cuyahoga Falls.</subfield></datafield></record>